<?xml version="1.0" encoding="UTF-8"?><record xmlns="http://www.loc.gov/MARC21/slim" xmlns:cinclude="http://apache.org/cocoon/include/1.0" xmlns:zs="http://www.loc.gov/zing/srw/">
  <leader>00390nz  a2200133n  4500</leader>
  <controlfield tag="001">n  94044592 </controlfield>
  <controlfield tag="003">DLC</controlfield>
  <controlfield tag="005">19940509132731.2</controlfield>
  <controlfield tag="008">940509n| acannaab|          |a aaa |||  </controlfield>
  <datafield tag="010" ind1=" " ind2=" ">
    <subfield code="a">n  94044592 </subfield>
  </datafield>
  <datafield tag="040" ind1=" " ind2=" ">
    <subfield code="a">DLC</subfield>
    <subfield code="c">DLC</subfield>
  </datafield>
  <datafield tag="100" ind1="1" ind2="0">
    <subfield code="a">Garshin, Evgenīĭ,</subfield>
    <subfield code="d">1860-1931.</subfield>
    <subfield code="t">Na Dont︠s︡e</subfield>
  </datafield>
  <datafield tag="400" ind1="1" ind2="0">
    <subfield code="a">Garshin, Evgenīĭ,</subfield>
    <subfield code="d">1860-1931.</subfield>
    <subfield code="t">Na Dont︠s︡i︠e︡</subfield>
  </datafield>
  <datafield tag="670" ind1=" " ind2=" ">
    <subfield code="a">Na Dont︠s︡i︠e︡, 1892.</subfield>
  </datafield>
</record>